<?xml version="1.0" encoding="UTF-8"?><collection xmlns="http://www.loc.gov/MARC21/slim"><record><leader>00455nam--2200181-i-4500</leader><controlfield tag="001">000039707</controlfield><controlfield tag="002">20161230</controlfield><controlfield tag="005">20161230201042</controlfield><controlfield tag="008">060222s1000------------r-----000-0-eng-d</controlfield><datafield ind1=" " ind2=" " tag="020"><subfield code="a">0444108017</subfield></datafield><datafield ind1=" " ind2=" " tag="040"><subfield code="a">IFIN-HH</subfield></datafield><datafield ind1=" " ind2=" " tag="080"><subfield code="a">533.5:621.52</subfield></datafield><datafield ind1="1" ind2=" " tag="100"><subfield code="a">Roth, A</subfield></datafield><datafield ind1="1" ind2="0" tag="245"><subfield code="a">Vacuum technology</subfield><subfield code="c">A. roth</subfield></datafield><datafield ind1=" " ind2=" " tag="260"><subfield code="a">Amsterdam</subfield><subfield code="b">North-holland Publishing Company</subfield><subfield code="c">1976</subfield></datafield><datafield ind1=" " ind2=" " tag="300"><subfield code="a">XII+496P</subfield></datafield><datafield ind1=" " ind2=" " tag="852"><subfield code="a">45438</subfield><subfield code="c">621.52</subfield></datafield><datafield ind1=" " ind2=" " tag="CAT"><subfield code="a">Sys</subfield><subfield code="c">20130411</subfield><subfield code="h">132635</subfield></datafield></record></collection>